<collection>
  <record>
    <controlfield tag="001">FIXME</controlfield>
    <datafield tag="024" ind1="7" ind2=" ">
      <subfield code="a">FIXME</subfield>
      <subfield code="2">DOI</subfield>
    </datafield>
    <datafield tag="110" ind1=" " ind2=" ">
      <subfield code="a">LHCb collaboration</subfield>
    </datafield>
    <datafield tag="245" ind1=" " ind2=" ">
      <subfield code="a">LHCb Matter Antimatter Differences (B meson decays to three hadrons) Data Files</subfield>
    </datafield>
    <datafield tag="260" ind1=" " ind2=" ">
      <subfield code="b">CERN Open Data Portal</subfield>
      <subfield code="c">2017</subfield>
    </datafield>
    <datafield tag="256" ind1=" " ind2=" ">
      <subfield code="a">Dataset</subfield>
      <subfield code="e">8550000</subfield>
      <subfield code="t">events</subfield>
    </datafield>
    <datafield tag="256" ind1=" " ind2=" ">
      <subfield code="f">3</subfield>
      <subfield code="t">files</subfield>
    </datafield>
    <datafield tag="256" ind1=" " ind2=" ">
      <subfield code="b">1113480280</subfield>
      <subfield code="t">bytes</subfield>
    </datafield>
    <datafield tag="516" ind1=" " ind2=" ">
      <subfield code="a">The data files are expected to be used with the Project Notebook.</subfield>
      <subfield code="w">FIXME</subfield>
    </datafield>
    <datafield tag="520" ind1=" " ind2=" ">
      <subfield code="a"><p> This record contains the data set that is made available for the analysis described in the Project Notebook. The data was collected using the LHCb experiment in 2011 at a centre-of-mass energy of 7 TeV. The data has been reconstructed using the software framework of the experiment. The data has been selected by the trigger of the experiment and an offline selection made. The sample provided contains the candidate events observed for the decay of a charged B meson into three charged particles. In addition to providing  the data of the experiment a file containing a simplified simulation of the decay of a charged B meson to three charged kaons is also provided. This simplified simulation file has not been passed through a simulation of the detector response. </p>
      <p> The data files contain only the most important reconstructed variables for performing the analysis of this data set. A full description of the variables is provided in the Project Notebook. The data files are stored in the format a ROOT TTree. </p></subfield>
    </datafield>
    <datafield tag="567" ind1=" " ind2=" ">
      <subfield code="a">Offline Selections cuts were made on: track transverse momentum (pT), sum of pT of Tracks, Track momentum, B candidate mass assuming all tracks are Kaons, Track impact parameter chi-square, sum of impact parameter chi-square of tracks, B candidate vertex fit chi-square.</subfield>
    </datafield>
    <datafield tag="581" ind1=" " ind2=" ">
      <subfield code="a">The data files can be accessed using ROOT</subfield>
      <subfield code="u">https://root.cern.ch/</subfield>
    </datafield>
    <datafield tag="581" ind1=" " ind2=" ">
      <subfield code="a">For more information</subfield>
      <subfield code="w">FIXME</subfield>
      <subfield code="y">Go to the LHCb Matter Antimatter Differences (B meson decays to three hadrons) Introductory Documentation</subfield>
    </datafield>
    <datafield tag="583" ind1=" " ind2=" ">
      <subfield code="a">The LHCb collaboration performs online and offline monitoring of the quality of the data collected. Only data for which the primary detector subsystems are highly performant are used for analysis.</subfield>
    </datafield>
    <datafield tag="653" ind1="1" ind2=" ">
      <subfield code="a">LHCb</subfield>
    </datafield>
    <datafield tag="693" ind1=" " ind2=" ">
      <subfield code="a">CERN-LHC</subfield>
      <subfield code="e">LHCb</subfield>
    </datafield>
    <datafield tag="856" ind1="4" ind2=" ">
      <subfield code="u">http://cds.cern.ch/record/1129809</subfield>
      <subfield code="y">The LHCb experiment is described in</subfield>
    </datafield>
    <datafield tag="856" ind1="4" ind2=" ">
      <subfield code="u">https://cds.cern.ch/record/1978280?ln=en</subfield>
      <subfield code="y">The performance of the detector is described in</subfield>
    </datafield>
    <datafield tag="856" ind1="4" ind2=" ">
      <subfield code="u">http://www.hep.manchester.ac.uk/u/parkes/LHCbAntimatterProjectWeb/LHCb_Matter_Antimatter_Asymmetries/Homepage.html</subfield>
      <subfield code="y">The beta release instruction page for the LHCb Open Data Portal project is available at</subfield>
    </datafield>
    <datafield tag="980" ind1=" " ind2=" ">
      <subfield code="a">FIXME</subfield>
    </datafield>
    <datafield tag="980" ind1=" " ind2=" ">
      <subfield code="b">Research</subfield>
    </datafield>
  </record>