
  <record>
    <controlfield tag="001">FIXME</controlfield>
    <datafield tag="024" ind1="7" ind2=" ">
      <subfield code="a">FIXME</subfield>
      <subfield code="2">DOI</subfield>
    </datafield>
    <datafield tag="110" ind1=" " ind2=" ">
      <subfield code="a">LHCb collaboration</subfield>
    </datafield>
    <datafield tag="245" ind1=" " ind2=" ">
      <subfield code="a">LHCb Open Data Portal matter antimatter asymmetry analysis - Documentation</subfield>
    </datafield>
    <datafield tag="260" ind1=" " ind2=" ">
      <subfield code="b">CERN Open Data Portal</subfield>
      <subfield code="c">2017</subfield>
    </datafield>
    <datafield tag="520" ind1=" " ind2=" ">
      <subfield code="a">This documentation provides a basic description of the contents of the project and instructions on how to get started.</subfield>
    </datafield>
    <datafield tag="516" ind1=" " ind2=" ">
      <subfield code="a">The data files and the project notebook are available at</subfield>
      <subfield code="w">FIXME</subfield>
      <subfield code="w">FIXME</subfield>
    </datafield>
    <datafield tag="581" ind1=" " ind2=" ">
      <subfield code="a">The data files can be accessed using ROOT</subfield>
      <subfield code="u">https://root.cern.ch/</subfield>
    </datafield>
    <datafield tag="653" ind1="1" ind2=" ">
      <subfield code="a">LHCb</subfield>
    </datafield>
    <datafield tag="693" ind1=" " ind2=" ">
      <subfield code="a">CERN-LHC</subfield>
      <subfield code="e">LHCb</subfield>
    </datafield>
    <datafield tag="856" ind1="4" ind2=" ">
      <subfield code="u">http://www.hep.manchester.ac.uk/u/parkes/LHCbAntimatterProjectWeb/LHCb_Matter_Antimatter_Asymmetries/Homepage.html</subfield>
      <subfield code="y">Go to the beta release instruction page for the LHCb Open Data Portal project</subfield>
    </datafield>
    <datafield tag="980" ind1=" " ind2=" ">
      <subfield code="a">FIXME</subfield>
    </datafield>
    <datafield tag="980" ind1=" " ind2=" ">
      <subfield code="b">Research</subfield>
    </datafield>
  </record>